%% This BibTeX bibliography file was created using BibDesk.
%% http://bibdesk.sourceforge.net/
%% Saved with string encoding Unicode (UTF-8)

% @comment{BIBTEMPLATE .}
% @comment{BIBREFERENCES stdalphabetic}
% @comment{BIBSEPARATORS ",;&"}

% @string{_3dim = {Intl. Conf. on 3D Digital Imaging and Modeling}}
% @string{aaai = {Nat. Conf. on Artificial Intelligence (AAAI)}}
% @string{ac = {IEEE Aerospace Conference}}
% @string{acmsig = {ACM Symp. Geom. Process.}}
% @string{acc = {American Control Conference}}
% @string{accv = {Asian Conf. on Computer Vision (ACCV)}}
% @string{acra = {Australasian Conf. on Robotics and Automation (ACRA)}}
% @string{addison = {Addison-Wesley Publishing}}
% @string{aes = {{IEEE} Trans. Aerosp. Electron. Syst.}}
% @string{ai = {Artificial Intelligence}}
% @string{aicv94 = {Application of Invariance in Computer Vision}}
% @string{aim = {IEEE/ASME Intl. Conf. on Advanced Intelligent Mechatronics (AIM)}}
% @string{ap = {Academic Press}}
% @string{ar = {Autonomous Robots}}
% @string{as = {{IEEE} Trans. Aerosp.}}
% @string{assp = {{IEEE} Trans. Acoust., Speech, Signal Processing}}
% @string{bmvc = {British Machine Vision Conf. (BMVC)}}
% @string{cdc = {IEEE Conf. on Decision and Control (CDC)}}
% @string{chap = {Chapman and Hall}}
% @string{cira = {IEEE Intl. Symp. on Computational Intelligence in Robotics and Automation (CIRA)}}
% @string{coc = {College of Computing, Georgia Institute of Technology}}
% @string{comp = {{IEEE} Trans. Computers}}
% @string{cve = {ACM Intl. Conf. on Collaborative Virtual Environments (CVE)}}
% @string{cviu = {Comput. Vis. Image Underst.}}
% @string{cvpr = {IEEE Conf. on Computer Vision and Pattern Recognition (CVPR)}}
% @string{ecai = {Eur. Conf. on AI (ECAI)}}
% @string{ecc = {European Control Conference}}
% @string{eccv = {European Conf. on Computer Vision (ECCV)}}
% @string{epb = {Environment and Planning B: Planning and Design}}
% @string{fg = {Intl. Conf. on Automatic Face and Gesture Recognition}}
% @string{focs = {Symp. on Foundations of Computer Science}}
% @string{fsr = {Field and Service Robotics (FSR)}}
% @string{fusion = {Intl. Conf. on Information Fusion, FUSION}}
% @string{gecco = {Conf. on Genetic and Evolutionary Computation (GECCO)}}
% @string{gmip = {CVGIP:Graphical Models and Image Processing}}
% @string{gnc = {AIAA Guidance, Navigation, and Control Conference}}
% @string{iapr = {Intl. Conf. on Image Processing A}}
% @string{icassp = {Intl. Conf. Acoust., Speech, and Signal Proc. (ICASSP)}}
% @string{iccv = {Intl. Conf. on Computer Vision (ICCV)}}
% @string{icfp = {Intl. Conf. on Functional Programming (ICFP)}}
% @string{icip = {Intl. Conf. on Image Processing (ICIP)}}
% @string{iclr = {Intl. Conf. on Learning Representations (ICLR)}}
% @string{icme = {IEEE Intl. Conf. on Multimedia and Expo(ICME)}}
% @string{icml = {Intl. Conf. on Machine Learning (ICML)}}
% @string{icpr = {Intl. Conf. on Pattern Recognition (ICPR)}}
% @string{icra = {IEEE Intl. Conf. on Robotics and Automation (ICRA)}}
% @string{ictai = {Intl. Conf. on Tools with Artificial Intelligence (ICTAI)}}
% @string{icuas = {Intl. Conf. on Unmanned Aircraft Systems (ICUAS)}}
% @string{ieeepress = {IEEE Computer Society Press}}
% @string{ijcai = {Intl. Joint Conf. on AI (IJCAI)}}
% @string{ijcv = {Intl. J. of Computer Vision}}
% @string{ijrr = {Intl. J. of Robotics Research}}
% @string{ip = {{IEEE} Trans. Image Processing}}
% @string{ipsn = {Intl. Sym. on Information Processing in Sensor Networks (IPSN)}}
% @string{iros = {IEEE/RSJ Intl. Conf. on Intelligent Robots and Systems (IROS)}}
% @string{isar = {IEEE and ACM Intl. Sym. on Augmented Reality (ISAR)}}
% @string{iser = {Intl. Sym. on Experimental Robotics (ISER)}}
% @string{ismar = {IEEE and ACM Intl. Sym. on Mixed and Augmented Reality (ISMAR)}}
% @string{ismr = {Intl. Sym. on Mixed Reality (ISMR)}}
% @string{isrr = {Proc. of the Intl. Symp. of Robotics Research (ISRR)}}
% @string{iswc = {IEEE Intl. Sym. on Wearable Computers (ISWC)}}
% @string{it = {{IEEE} Trans. Inform. Theory}}
% @string{itac = {{IEEE} Trans. Automat. Contr.}}
% @string{iuw = {DARPA Image Understanding Workshop (IUW)}}
% @string{iv = {IEEE Intelligent Vehicles Symposium (IV)}}
% @string{ivc = {Image and Vision Computing}}
% @string{ivis = {IEEE Visualization}}
% @string{jair = {J. of Artificial Intelligence Research}}
% @string{jasa = {J. of the American Statistical Association}}
% @string{jeplmc = {J. of Experimental Psychology: Learning,Memory, \& Cognition}}
% @string{jfr = {J. of Field Robotics}}
% @string{jif = {Information Fusion}}
% @string{jirs = {J. of Intelligent and Robotic Systems}}
% @string{jmlr = {J. of Machine Learning Research}}
% @string{josaa = {J. of the Optical Society of America A}}
% @string{jpdc = {J. of Parallel and Distributed Computing}}
% @string{jvcir = {J. of Visual Communication and Image Representation}}
% @string{kdd = {Intl. Conf. Knowledge Discovery and Data Mining (KDD)}}
% @string{kluwer = {Kluwer}}
% @string{med = {Mediterranean Conference on Control and Automation}}
% @string{mit = {The MIT press, Cambridge, MA}}
% @string{ml = {Machine learning}}
% @string{msc = {Multiconference on Systems and Control}}
% @string{mia = {Med. Image Anal.}}
% @string{nips = {Advances in Neural Information Processing Systems (NIPS)}}
% @string{neurips = {Advances in Neural Information Processing Systems (NIPS)}}
% @string{corl = {Conference on Robot Learning (CoRL)}}
% @string{pami = {{IEEE} Trans. Pattern Anal. Machine Intell.}}
% @string{plans = {IEEE/ION Position Location and Navigation System (PLANS) Conference}}
% @string{pr = {Pattern Recognition}}
% @string{prl = {Pattern Recognition Letters}}
% @string{pvt = {3D Data Processing Visualization and Transmission (3DPVT)}}
% @string{ras = {Robotics and Autonomous Systems}}
% @string{royalp = {Proceedings of Royal Society of London}}
% @string{rss = {Robotics: Science and Systems (RSS)}}
% @string{ral = {{IEEE} Robotics and Automation Letters}}
% @string{rvs95 = {Representation of Visual Scenes}}
% @string{scl = {Systems \& Control Letters}}
% @string{siggraph = {SIGGRAPH}}
% @string{sigir = {ACM Special Interest Group on Information Retrieval}}
% @string{smc = {{IEEE} Trans. Syst., Man, Cybern.}}
% @string{sp = {{IEEE} Trans. Signal Processing}}
% @string{spie = {Intl. Soc. Opt. Eng. (SPIE)}}
% @string{springer = {Springer Verlag}}
% @string{ssrr = {IEEE Intl. Conf. on Safety, Security and Rescue Robotics (SSRR)}}
% @string{stoc = {ACM Symp. on Theory of Computing (STOC)}}
% @string{tac = {IEEE Trans. on Automatic Control}}
% @string{tcs = {Theoretical Computer Science}}
% @string{tmi = {IEEE Trans. Med. Imaging}}
% @string{tra = {{IEEE} Trans. Robot. Automat.}}
% @string{tro = {{IEEE} Trans. Robotics}}
% @string{tvcg = {IEEE Trans. Vis. Comput. Graph.}}
% @string{tsmca = {IEEE Trans. on Systems, Man, and Cybernetics, Part A}}
% @string{uai = {Conf. on Uncertainty in Artificial Intelligence (UAI)}}
% @string{wacv = {IEEE Workshop on Applications of Computer Vision (WACV)}}
% @string{wiley = {John Wiley \& Sons, New York, NY}}
% @string{wafr = {Intl. Workshop on the Algorithmic Foundations of Robotics (WAFR)}}
% @string{mpc = {Math. Program. Comput.}}
% @string{siopt = {SIAM J. Optim.}}
% @string{optimmethodsoftw = {Optim. Methods. Softw.}}
% @string{applmech = {J. of Applied Mechanics}}
% @string{amstat = {The American Statistician}}

\bibitem{HenLasLof2007}
 D. Henrion, J. B. Lasserre, J. L\"ofberg,
 {\em GloptiPoly 3: moments, optimization and semidefinite programming},
 LAAS-CNRS research report 07536, June 2007.

@article{HenLasLof2007,
  title={GloptiPoly 3: moments, optimization and semidefinite programming},
  author={Henrion, Didier and Lasserre, Jean-Bernard and L{\"o}fberg, Johan},
  journal={Optimization Methods \& Software},
  volume={24},
  number={4-5},
  pages={761--779},
  year={2009},
  publisher={Taylor \& Francis}
}

\bibitem{Las2001}
 J. B. Lasserre,
 {\em Global optimization with polynomials and the problem of moments.}
 SIAM J. Optim.
 11, 2001, pp. 796-817.

 @article{Las2001,
  title={Global optimization with polynomials and the problem of moments},
  author={Lasserre, Jean B},
  journal={SIAM Journal on optimization},
  volume={11},
  number={3},
  pages={796--817},
  year={2001},
  publisher={SIAM}
}

\bibitem{LasPri2004}
 J. B. Lasserre, T. Prieto-Rumeau,
 {\em SDP vs. LP relaxations for the moment approach in some performance evaluation problems.}
 Stoch. Models,
 20 (2004),
 pp. 439-456.

 @article{LasPri2004,
  title={Vs. LP Relaxations for the moment approach in some performance evaluation problems, Rapport LAAS N03125},
  author={Lasserre, JB and Prieto, T and Rumeau, SDP},
  journal={Mars},
  year={2003}
}

\bibitem{LasPriHen2005}
 J. B. Lasserre, C. Prieur, D. Henrion,
 {\em Nonlinear optimal control: Numerical approximations via moments and LMI relaxations.}
 Proceedings of the IEEE Conference on Decision and Control,
 Seville, December 2005.

 @inproceedings{LasPriHen2005,
  title={Nonlinear optimal control: approximations via moments and LMI-relaxations},
  author={Lasserre, Jean B and Prieur, Christophe and Henrion, Didier},
  booktitle={Proceedings of the 44th IEEE Conference on Decision and Control},
  pages={1648--1653},
  year={2005},
  organization={IEEE}
}

\bibitem{LasHenPriTre2008}
 J. B. Lasserre, D. Henrion, C. Prieur, E. Tr\'elat,
 {\em Nonlinear optimal control via occupation measures and LMI relaxations.}
 To appear in SIAM Journal on Control and Optimization, 2008.

@article{LasHenPriTre2008,
  title={Nonlinear optimal control via occupation measures and LMI-relaxations},
  author={Lasserre, Jean B and Henrion, Didier and Prieur, Christophe and Tr{\'e}lat, Emmanuel},
  journal={SIAM journal on control and optimization},
  volume={47},
  number={4},
  pages={1643--1666},
  year={2008},
  publisher={SIAM}
}

% \bibitem[Locatelli 2000]{Loc2000}
%  A. Locatelli,
%  {\em Optima Control: An Introduction.}
%  Birkh\"{a}user Verlag,
%  2000



% \bibitem[Henrion and Garulli 2005]{HenGar2005}
%  D. Henrion, A. Garulli (Editors),
%  {\em Positive polynomials in control.}
%  Lecture Notes on Control and Information Sciences, Vol. 312, Springer Verlag, Berlin, January 2005.


\bibitem{Par2003}
 P. A. Parrilo,
 {\em Semidefinite programming relaxations for semialgebraic problems.}
 Math. Prog. Ser. B,
 96(2), pp. 293-320

 @article{Par2003,
  title={Semidefinite programming relaxations for semialgebraic problems},
  author={Parrilo, Pablo A},
  journal={Mathematical programming},
  volume={96},
  pages={293--320},
  year={2003},
  publisher={Springer}
}

% \bibitem[Prajna 2006]{Pra2006}
%  S. Prajna,
%  {\em Barrier certificates for nonlinear model verification.}
%  Automatica,
%  Vol. 42, No. 1, pp. 117-126,
%  2006

\bibitem{PraParRan2004}
 S. Prajna, P. A. Parrilo, A. Rantzer,
 {\em Nonlinear Control Synthesis by Convex Optimization.}
 IEEE Trans. Autom. Control,
 Vol. 49, No. 2, pp. 310-314,
 2004.

 @article{PraParRan2004,
  title={Nonlinear control synthesis by convex optimization},
  author={Prajna, Stephen and Parrilo, Pablo A and Rantzer, Anders},
  journal={IEEE Transactions on Automatic Control},
  volume={49},
  number={2},
  pages={310--314},
  year={2004},
  publisher={IEEE}
}

\bibitem{Put1993}
 M. Putinar,
 {\em Positive polynomials on compact semi-algebraic sets.}
 Ind, Univ. Math. J., 42, pp. 969-984,
 1993.

 @article{Put1993,
  title={Positive polynomials on compact semi-algebraic sets},
  author={Putinar, Mihai},
  journal={Indiana University Mathematics Journal},
  volume={42},
  number={3},
  pages={969--984},
  year={1993},
  publisher={JSTOR}
}